<?xml version="1.0" encoding="UTF-8"?><collection xmlns="http://www.loc.gov/MARC21/slim"><record><leader>00501nam--2200169-i-4500</leader><controlfield tag="001">000004376</controlfield><controlfield tag="002">20161230</controlfield><controlfield tag="005">20161230201025</controlfield><controlfield tag="008">060222s1000------------r-----000-0-eng-d</controlfield><datafield ind1=" " ind2=" " tag="040"><subfield code="a">IFIN-HH</subfield></datafield><datafield ind1=" " ind2=" " tag="080"><subfield code="a">541.1</subfield></datafield><datafield ind1="1" ind2=" " tag="100"><subfield code="a">Bosworth, R.C.L</subfield></datafield><datafield ind1="1" ind2="0" tag="245"><subfield code="a">Transport processes in applied chemistry</subfield><subfield code="b">The flow of physical properties in chemical reactors</subfield><subfield code="c">R.c.l. bosworth</subfield></datafield><datafield ind1=" " ind2=" " tag="260"><subfield code="a">New York</subfield><subfield code="b">John Wiley &amp; Sons, Inc</subfield><subfield code="c">1956</subfield></datafield><datafield ind1=" " ind2=" " tag="300"><subfield code="a">X + 387 P</subfield></datafield><datafield ind1=" " ind2=" " tag="852"><subfield code="a">13722</subfield><subfield code="c">536</subfield></datafield><datafield ind1=" " ind2=" " tag="CAT"><subfield code="a">Sys</subfield><subfield code="c">20110503</subfield><subfield code="h">141554</subfield></datafield></record></collection>